@book {polya,
    AUTHOR = {P{\'o}lya, G. and Read, R. C.},
     TITLE = {Combinatorial enumeration of groups, graphs, and chemical
              compounds},
      NOTE = {P{\'o}lya's contribution translated from the German by
              Dorothee Aeppli},
 PUBLISHER = {Springer-Verlag},
   ADDRESS = {New York},
      YEAR = {1987},
     PAGES = {viii+148},
      ISBN = {0-387-96413-4},
   MRCLASS = {05A15 (01A75 05C30 20B05 92A40)},
  MRNUMBER = {884155 (89f:05013)},
MRREVIEWER = {Daniel Turz{\'{\i}}k},
}

@book {debruijn,
    AUTHOR = {de Bruijn, N.G.},
     TITLE = {Asymptotic methods in analysis},
   EDITION = {third},
 PUBLISHER = {Dover Publications Inc.},
   ADDRESS = {New York},
      YEAR = {1981},
     PAGES = {xii+200},
      ISBN = {0-486-64221-6},
   MRCLASS = {41A60},
  MRNUMBER = {671583 (83m:41028)},
}

@book {comtet,
    AUTHOR = {Comtet, L.},
     TITLE = {Advanced combinatorics},
   EDITION = {enlarged},
      NOTE = {The art of finite and infinite expansions},
 PUBLISHER = {D. Reidel Publishing Co.},
   ADDRESS = {Dordrecht},
      YEAR = {1974},
     PAGES = {xi+343},
      ISBN = {90-277-0441-4},
   MRCLASS = {05-02},
  MRNUMBER = {0460128 (57 \#124)},
}

@book {graphical,
    AUTHOR = {Harary, F. and Palmer, E.M.},
     TITLE = {Graphical enumeration},
 PUBLISHER = {Academic Press},
   ADDRESS = {New York},
      YEAR = {1973},
     PAGES = {xiv+271},
   MRCLASS = {05C30},
  MRNUMBER = {0357214 (50 \#9682)},
MRREVIEWER = {R. W. Robinson},
}

@incollection {cocopaper,
    AUTHOR = {Klin, M. and Reichard, S. and Woldar, A.},
     TITLE = {Siamese combinatorial objects via computer algebra
              experimentation},
 BOOKTITLE = {Algorithmic algebraic combinatorics and {G}r\"obner bases},
     PAGES = {67--112},
 PUBLISHER = {Springer},
   ADDRESS = {Berlin},
      YEAR = {2009},
   MRCLASS = {05C15 (05B07 05E30 68W30)},
  MRNUMBER = {2590684 (2011b:05074)},
       DOI = {10.1007/978-3-642-01960-9_2},
       URL = {http://dx.doi.org.proxy.library.carleton.ca/10.1007/978-3-642-01960-9_2},
}

@incollection {darwin2,
   author = {Bergeron, F. and Pichet, C.},
   affiliation = {Université du Québec à Montréal Montréal Canada Montréal Canada},
   title = {Darwin, a system designed for the study of enumerative combinatorics},
   booktitle = {EUROCAL '85},
   series = {Lecture Notes in Computer Science},
   editor = {Caviness, Bob},
   publisher = {Springer Berlin / Heidelberg},
   isbn = {978-3-540-15984-1},
   keyword = {Computer Science},
   pages = {444-445},
   volume = {204},
   year = {1985}
}

@incollection {darwin1,
   author = {Bergeron, F. and Cartier, G.},
   affiliation = {UQAM Dept. Maths and Info C.P. 8888 H3C 3P8 Succ. A, Montréal Canada C.P. 8888 H3C 3P8 Succ. A, Montréal Canada},
   title = {Darwin: Computer algebra and enumerative combinatorics},
   booktitle = {STACS 88},
   series = {Lecture Notes in Computer Science},
   editor = {Cori, Robert and Wirsing, Martin},
   publisher = {Springer Berlin / Heidelberg},
   isbn = {978-3-540-18834-6},
   keyword = {Computer Science},
   pages = {393-394},
   volume = {294},
   year = {1988}
}

@techreport{Salvy2011,
    author      = {Pivoteau, C. and Salvy, B. and Soria, M.},
    title       = {Algorithms for Combinatorial Systems},
    year        = {2011},
    institution = {arXiv},
    keywords    = {Species theory; analytic combinatorics; generating series;
  complexity.},
    note        = {58 pages},
    arxiv       = {abs/1109.2688},
    abstract    = {We consider systems of recursively defined combinatorial
  structures. We present a quadratic iterative method solving these systems
  when they are well founded. From there, we deduce truncations of the
  corresponding generating series in quasi-optimal complexity. This iteration
  transfers to a numerical scheme that converges unconditionally to the values
  of the generating series inside their disk of convergence. This provides
  algorithms that are important subroutines in random generation.},
}

@article {devmol,
    AUTHOR = {Auger, P. and Labelle, G. and Leroux, P.},
     TITLE = {Computing the molecular expansion of species with the {M}aple
              package {D}evmol},
   JOURNAL = {S\'em. Lothar. Combin.},
  FJOURNAL = {S\'eminaire Lotharingien de Combinatoire},
    VOLUME = {49},
      YEAR = {2002/04},
     PAGES = {Art. B49z, 34},
      ISSN = {1286-4889},
   MRCLASS = {05A15 (05-04)},
  MRNUMBER = {2036358},
}


@book {generatingfunctionology,
    AUTHOR = {Wilf, H.S.},
     TITLE = {generatingfunctionology},
   EDITION = {Third},
 PUBLISHER = {A K Peters Ltd.},
   ADDRESS = {Wellesley, MA},
      YEAR = {2006},
     PAGES = {x+245},
      ISBN = {978-1-56881-279-3; 1-56881-279-5},
   MRCLASS = {05A15 (05-02 33D15 33F10)},
  MRNUMBER = {2172781 (2006i:05014)},
}

@book {companion,
     TITLE = {The {P}rinceton companion to mathematics},
    EDITOR = {Gowers, T. and Barrow-Green, J. and Leader, I.},
 PUBLISHER = {Princeton University Press},
   ADDRESS = {Princeton, NJ},
      YEAR = {2008},
     PAGES = {xxii+1034},
      ISBN = {978-0-691-11880-2},
   MRCLASS = {00A20 (00A05)},
  MRNUMBER = {2467561 (2009i:00002)},
MRREVIEWER = {Terence Tao},
}

@book {hardy1,
    AUTHOR = {Hardy, G.H.},
     TITLE = {Orders of infinity. {T}he {\it {I}nfinit\"arcalc\"ul}\ of
              {P}aul du {B}ois-{R}eymond},
      NOTE = {Reprint of the 1910 edition,
              Cambridge Tracts in Mathematics and Mathematical Physics, No.
              12},
 PUBLISHER = {Hafner Publishing Co., New York},
      YEAR = {1971},
     PAGES = {v+62},
   MRCLASS = {26A12 (01A75)},
  MRNUMBER = {0349922 (50 \#2415)},
}

@book {concrete,
    AUTHOR = {Graham, R.L. and Knuth, D.E. and Patashnik, O.},
     TITLE = {Concrete mathematics},
   EDITION = {Second},
      NOTE = {A foundation for computer science},
 PUBLISHER = {Addison-Wesley Publishing Company},
   ADDRESS = {Reading, MA},
      YEAR = {1994},
     PAGES = {xiv+657},
      ISBN = {0-201-55802-5},
   MRCLASS = {68-01 (00-01 00A05 05-01 68Rxx)},
  MRNUMBER = {1397498 (97d:68003)},
MRREVIEWER = {Volker Strehl},
}

@book {feng,
    AUTHOR = {T. Andreescu, and Z. Feng},
     TITLE = {A path to combinatorics for undergraduates: counting strategies},
 PUBLISHER = {Birkh\"{a}user},
   ADDRESS = {Boston},
      YEAR = {2004},
}

@book {stanley1,
    AUTHOR = {Stanley, R.P.},
     TITLE = {Enumerative combinatorics. {V}ol. 1},
    SERIES = {Cambridge Studies in Advanced Mathematics},
    VOLUME = {49},
      NOTE = {With a foreword by Gian-Carlo Rota,
              Corrected reprint of the 1986 original},
 PUBLISHER = {Cambridge University Press},
   ADDRESS = {Cambridge},
      YEAR = {1997},
     PAGES = {xii+325},
      ISBN = {0-521-55309-1; 0-521-66351-2},
   MRCLASS = {05-02 (05A15 06-02 11-02)},
  MRNUMBER = {1442260 (98a:05001)},
MRREVIEWER = {Wayne M. Dymacek},
}

@book {stanley2,
    AUTHOR = {Stanley, R.P.},
     TITLE = {Enumerative combinatorics. {V}ol. 2},
    SERIES = {Cambridge Studies in Advanced Mathematics},
    VOLUME = {62},
      NOTE = {With a foreword by Gian-Carlo Rota and Appendix 1 by Sergey
              Fomin},
 PUBLISHER = {Cambridge University Press},
   ADDRESS = {Cambridge},
      YEAR = {1999},
     PAGES = {xii+581},
      ISBN = {0-521-56069-1; 0-521-78987-7},
   MRCLASS = {05A15 (05-02 05E05 05E10 68R05)},
  MRNUMBER = {1676282 (2000k:05026)},
MRREVIEWER = {Ira Gessel},
       DOI = {10.1017/CBO9780511609589},
       URL = {http://dx.doi.org.proxy.library.carleton.ca/10.1017/CBO9780511609589},
}

@book {intro,
    AUTHOR = {Berman, G. and Fryer, K.D.},
     TITLE = {Introduction to combinatorics},
 PUBLISHER = {Academic Press},
   ADDRESS = {New York},
      YEAR = {1972},
     PAGES = {xiii+300},
   MRCLASS = {05-01},
  MRNUMBER = {0354381 (50 \#6861)},
MRREVIEWER = {N. S. Mendelsohn},
}

@book {ac,
    AUTHOR = {Flajolet, P. and Sedgewick, R.},
     TITLE = {Analytic combinatorics},
 PUBLISHER = {Cambridge University Press},
   ADDRESS = {Cambridge},
      YEAR = {2009},
     PAGES = {xiv+810},
      ISBN = {978-0-521-89806-5},
   MRCLASS = {05-02 (05A15 05A16 60C05 60E10 82-01)},
  MRNUMBER = {2483235 (2010h:05005)},
}

@article {ab,
    AUTHOR = {Bender, E.A. and Zeilberger, D.},
     TITLE = {Some asymptotic bijections},
   JOURNAL = {J. Combin. Theory Ser. A},
  FJOURNAL = {Journal of Combinatorial Theory. Series A},
    VOLUME = {38},
      YEAR = {1985},
    NUMBER = {1},
     PAGES = {96--98},
      ISSN = {0097-3165},
     CODEN = {JCBTA7},
   MRCLASS = {05A05 (05A10)},
  MRNUMBER = {773563 (86d:05002)},
MRREVIEWER = {M. Livingston},
       DOI = {10.1016/0097-3165(85)90029-9},
       URL = {http://dx.doi.org.proxy.library.carleton.ca/10.1016/0097-3165(85)90029-9},
}

%LUO
@techreport{ALAS,
    hal_id = {inria-00075591},
    url = {http://hal.inria.fr/inria-00075591},
    title = {{ALAS : Un systeme d'analyse algebrique}},
    author = {Zimmermann, P.},
    abstract = {{R{\'e}sum{\'e} disponbile dans les fichiers attach{\'e}s}},
    language = {Fran{\c c}ais},
    affiliation = {INRIA Rocquencourt - INRIA Rocquencourt},
    type = {Rapport de recherche},
    institution = {INRIA},
    number = {RR-0968},
    year = {1989},
    pdf = {http://hal.inria.fr/inria-00075591/PDF/RR-0968.pdf},
}
@techreport{cookbook,
    hal_id = {inria-00075486},
    url = {http://hal.inria.fr/inria-00075486},
    title = {{Lambda-Upsilon-Omega the 1989 cookbook}},
    author = {Flajolet, P. and Zimmermann, P. and Salvy, B.},
    abstract = {{R{\'e}sum{\'e} disponible dans les fichiers attach{\'e}s}},
    language = {Anglais},
    affiliation = {INRIA Rocquencourt - INRIA Rocquencourt},
    type = {Rapport de recherche},
    institution = {INRIA},
    number = {RR-1073},
    year = {1989},
    pdf = {http://hal.inria.fr/inria-00075486/PDF/RR-1073.pdf},
}
@techreport{automatic,
    hal_id = {inria-00077102},
    url = {http://hal.inria.fr/inria-00077102},
    title = {{Automatic average-case analysis of algorithms}},
    author = {Flajolet, P. and Zimmermann, P. and Salvy, B.},
    language = {Anglais},
    affiliation = {ALGO - INRIA Rocquencourt},
    type = {Rapport de recherche},
    institution = {INRIA},
    number = {RR-1233},
    note = {Projet ICSLA},
    year = {1990},
    pdf = {http://hal.inria.fr/inria-00077102/PDF/RR-1233.pdf},
}
@techreport{assistant,
    hal_id = {inria-00075678},
    url = {http://hal.inria.fr/inria-00075678},
    title = {{Lambda-Upsilon-Omega : an assistant algorithms analyzer}},
    author = {Flajolet, P. and Zimmermann, P. and Salvy, B.},
    abstract = {{R{\'e}sum{\'e} disponible dans les fichiers attach{\'e}s}},
    language = {Anglais},
    affiliation = {ALGO - INRIA Rocquencourt},
    type = {Rapport de recherche},
    institution = {INRIA},
    number = {RR-0876},
    year = {1988},
    pdf = {http://hal.inria.fr/inria-00075678/PDF/RR-0876.pdf},
}

@techreport{libraries,
    hal_id = {inria-00074178},
    url = {http://hal.inria.fr/inria-00074178},
    title = {{Computer Algebra Libraries for Combinatorial Structures}},
    author = {Flajolet, P. and Salvy, B.},
    language = {Anglais},
    affiliation = {ALGO - INRIA Rocquencourt},
    type = {Rapport de recherche},
    institution = {INRIA},
    number = {RR-2497},
    year = {1995},
    pdf = {http://hal.inria.fr/inria-00074178/PDF/RR-2497.pdf},
}

@book {speciesbook,
    AUTHOR = {Bergeron, F. and Labelle, G. and Leroux, P.},
     TITLE = {Combinatorial species and tree-like structures},
    SERIES = {Encyclopedia of Mathematics and its Applications},
    VOLUME = {67},
      NOTE = {Translated from the 1994 French original by Margaret Readdy,
              With a foreword by Gian-Carlo Rota},
 PUBLISHER = {Cambridge University Press},
   ADDRESS = {Cambridge},
      YEAR = {1998},
     PAGES = {xx+457},
      ISBN = {0-521-57323-8},
   MRCLASS = {05A15 (05C30 05E05)},
  MRNUMBER = {1629341 (2000a:05008)},
MRREVIEWER = {Ira Gessel},
}

@article{gdevexamples,
 author = {Salvy, B.},
 title = {Examples of automatic asymptotic expansions},
 journal = {SIGSAM Bull.},
 volume = {25},
 issue = {2},
 month = {April},
 year = {1991},
 issn = {0163-5824},
 pages = {4--17},
 numpages = {14},
 url = {http://doi.acm.org/10.1145/122520.122521},
 doi = {http://doi.acm.org/10.1145/122520.122521},
 acmid = {122521},
 publisher = {ACM},
 address = {New York, NY, USA},
} 

@article {hayman,
    AUTHOR = {Hayman, W.K.},
     TITLE = {A generalisation of {S}tirling's formula},
   JOURNAL = {J. Reine Angew. Math.},
  FJOURNAL = {Journal f\"ur die Reine und Angewandte Mathematik},
    VOLUME = {196},
      YEAR = {1956},
     PAGES = {67--95},
      ISSN = {0075-4102},
   MRCLASS = {30.0X},
  MRNUMBER = {0080749 (18,293f)},
MRREVIEWER = {R. P. Boas, Jr.},
}

@article {singularityanalysis,
    AUTHOR = {Flajolet, P. and Odlyzko, A.},
     TITLE = {Singularity analysis of generating functions},
   JOURNAL = {SIAM J. Discrete Math.},
  FJOURNAL = {SIAM Journal on Discrete Mathematics},
    VOLUME = {3},
      YEAR = {1990},
    NUMBER = {2},
     PAGES = {216--240},
      ISSN = {0895-4801},
     CODEN = {SJDMEC},
   MRCLASS = {05A15 (30E20 40E05 41A60)},
  MRNUMBER = {1039294 (90m:05012)},
MRREVIEWER = {E. Rodney Canfield},
       DOI = {10.1137/0403019},
       URL = {http://dx.doi.org.proxy.library.carleton.ca/10.1137/0403019},
}

@article {attributegrammars,
    AUTHOR = {Mishna, M.},
     TITLE = {Attribute grammars and automatic complexity analysis},
      NOTE = {Formal power series and algebraic combinatorics (Scottsdale,
              AZ, 2001)},
   JOURNAL = {Adv. in Appl. Math.},
  FJOURNAL = {Advances in Applied Mathematics},
    VOLUME = {30},
      YEAR = {2003},
    NUMBER = {1-2},
     PAGES = {189--207},
      ISSN = {0196-8858},
   MRCLASS = {68Q42 (68R05)},
  MRNUMBER = {1979790 (2004e:68051)},
       DOI = {10.1016/S0196-8858(02)00542-0},
       URL = {http://dx.doi.org.proxy.library.carleton.ca/10.1016/S0196-8858(02)00542-0},
}

@book {IVA,
    AUTHOR = {Knuth, D.E.},
     TITLE = {The art of computer programming. {V}ol. 4A},
      NOTE = {Combinatorial Algorithms, Part 1},
 PUBLISHER = {Upper Saddle River, New Jersey: Addison-Wesley},
      YEAR = {2011},
     PAGES = {xvi+883},
}

@book{combinatorialalgorithms,
author = {D.L. Kreher and D.R. Stinson},
title = {Combinatorial algorithms: generation, enumeration, and search},
publisher = {CRC Press},
year = {1999},
pages = {329},
}

@book {skiena,
    AUTHOR = {Pemmaraju, S. and Skiena, S.},
     TITLE = {Computational discrete mathematics},
      NOTE = {Combinatorics and graph theory with Mathematica},
 PUBLISHER = {Cambridge University Press},
   ADDRESS = {Cambridge},
      YEAR = {2003},
     PAGES = {xiv+480},
      ISBN = {0-521-80686-0},
   MRCLASS = {05-01 (05-04 68R05 68W05 68W30)},
  MRNUMBER = {2030135 (2004j:05002)},
}

@book {NW78,
    AUTHOR = {Nijenhuis, A. and Wilf, H.S.},
     TITLE = {Combinatorial algorithms},
   EDITION = {Second},
      NOTE = {For computers and calculators,
              Computer Science and Applied Mathematics},
 PUBLISHER = {Academic Press Inc. [Harcourt Brace Jovanovich Publishers]},
   ADDRESS = {New York},
      YEAR = {1978},
     PAGES = {xv+302},
      ISBN = {0-12-519260-6},
   MRCLASS = {68E99 (05-04 05Axx)},
  MRNUMBER = {510047 (80a:68076)},
}

@book {W89,
    AUTHOR = {Wilf, H.S.},
     TITLE = {Combinatorial algorithms: an update},
    SERIES = {CBMS-NSF Regional Conference Series in Applied Mathematics},
    VOLUME = {55},
 PUBLISHER = {Society for Industrial and Applied Mathematics (SIAM)},
   ADDRESS = {Philadelphia, PA},
      YEAR = {1989},
     PAGES = {vi+47},
      ISBN = {0-89871-231-9},
   MRCLASS = {05-02 (05-04 05A05 68-02 68R05)},
  MRNUMBER = {993775 (90g:05002)},
MRREVIEWER = {Peter Eades},
}

@article {SED77,
    AUTHOR = {Sedgewick, R.},
     TITLE = {Permutation generation methods},
   JOURNAL = {Comput. Surveys},
  FJOURNAL = {Computing Surveys. ACM. Association for Computing Machinery},
    VOLUME = {9},
      YEAR = {1977},
    NUMBER = {2},
     PAGES = {137--164},
      ISSN = {0010-4892},
   MRCLASS = {68A10},
  MRNUMBER = {0464682 (57 \#4607)},
MRREVIEWER = {Donald B. Johnson},
}

@book {dijkstra,
    AUTHOR = {Dijkstra, E.W.},
     TITLE = {A discipline of programming},
      NOTE = {With a foreword by C.A.R. Hoare,
              Prentice-Hall Series in Automatic Computation},
 PUBLISHER = {Prentice-Hall Inc.},
   ADDRESS = {Englewood Cliffs, N.J.},
      YEAR = {1976},
     PAGES = {xvii+217},
      ISBN = {0-13-215871-X},
   MRCLASS = {68A05},
  MRNUMBER = {0660283 (58 \#31999)},
MRREVIEWER = {H. Kilov},
}

@incollection {coollex,
    AUTHOR = {Ruskey, F. and Williams, A.},
     TITLE = {Generating combinations by prefix shifts},
 BOOKTITLE = {Computing and combinatorics},
    SERIES = {Lecture Notes in Comput. Sci.},
    VOLUME = {3595},
     PAGES = {570--576},
 PUBLISHER = {Springer},
   ADDRESS = {Berlin},
      YEAR = {2005},
   MRCLASS = {68R05 (05A05 94A55)},
  MRNUMBER = {2190880 (2006g:68198)},
       DOI = {10.1007/11533719_58},
       URL = {http://dx.doi.org.proxy.library.carleton.ca/10.1007/11533719_58},
}

@book {term,
    AUTHOR = {Baader, F. and Nipkow, T.},
     TITLE = {Term rewriting and all that},
 PUBLISHER = {Cambridge University Press},
   ADDRESS = {Cambridge},
      YEAR = {1998},
     PAGES = {xii+301},
      ISBN = {0-521-45520-0; 0-521-77920-0},
   MRCLASS = {68Q42 (03B35 08A70 68-02 68Q40)},
  MRNUMBER = {1629216 (99k:68088)},
MRREVIEWER = {Klaus Madlener},
}

@book{trott,
 author = {Trott, M.},
 title = {The  Mathematica Guidebook: Programming with CD-ROM},
 year = {2002},
 isbn = {0387942823},
 edition = {1st},
 publisher = {Springer-Verlag New York, Inc.},
 address = {Secaucus, NJ, USA},
} 

@book {cameron,
    AUTHOR = {Cameron, P.J.},
     TITLE = {Combinatorics: topics, techniques, algorithms},
 PUBLISHER = {Cambridge University Press},
   ADDRESS = {Cambridge},
      YEAR = {1994},
     PAGES = {x+355},
      ISBN = {0-521-45133-7; 0-521-45761-0},
   MRCLASS = {05-01},
  MRNUMBER = {1311922 (95j:05002)},
MRREVIEWER = {E. J. F. Primrose},
}

@article{cole,
   title = {The search for perfect numbers},
   author = {Gridgeman, N.T.},  
   journal = {The New Scientist},
   volume = {18},
   number = {334},
   pages = {85--88},
   year = {1963},
}

@article {triangles,
    AUTHOR = {Poulalhon, D. and Schaeffer, G.},
     TITLE = {Optimal coding and sampling of triangulations},
   JOURNAL = {Algorithmica},
  FJOURNAL = {Algorithmica. An International Journal in Computer Science},
    VOLUME = {46},
      YEAR = {2006},
    NUMBER = {3-4},
     PAGES = {505--527},
      ISSN = {0178-4617},
     CODEN = {ALGOEJ},
   MRCLASS = {05A15 (05C05 05C10 52B70 68R10)},
  MRNUMBER = {2291967 (2008b:05011)},
MRREVIEWER = {Pinar Heggernes},
       DOI = {10.1007/s00453-006-0114-8},
       URL = {http://dx.doi.org.proxy.library.carleton.ca/10.1007/s00453-006-0114-8},
}

@book {erratabook,
    AUTHOR = {B{\'o}na, M.},
     TITLE = {Combinatorics of permutations},
    SERIES = {Discrete Mathematics and its Applications (Boca Raton)},
      NOTE = {With a foreword by Richard Stanley},
 PUBLISHER = {Chapman \& Hall/CRC, Boca Raton, FL},
      YEAR = {2004},
     PAGES = {xiv+383},
      ISBN = {1-58488-434-7},
   MRCLASS = {05A05 (05-01)},
  MRNUMBER = {2078910 (2005f:05001)},
MRREVIEWER = {Martin Klazar},
       DOI = {10.1201/9780203494370},
       URL = {http://dx.doi.org.proxy.library.carleton.ca/10.1201/9780203494370},
}